%YAML 1.1
%TAG !u! tag:unity3d.com,2011:
--- !u!1 &4922272506854132432
GameObject:
  m_ObjectHideFlags: 0
  m_CorrespondingSourceObject: {fileID: 0}
  m_PrefabInstance: {fileID: 0}
  m_PrefabAsset: {fileID: 0}
  serializedVersion: 6
  m_Component:
  - component: {fileID: 4922272506854132397}
  - component: {fileID: 4922272506854132396}
  - component: {fileID: 4922272506854132435}
  - component: {fileID: 4922272506854132434}
  - component: {fileID: 4922272506854132433}
  m_Layer: 0
  m_Name: Wall
  m_TagString: Untagged
  m_Icon: {fileID: 0}
  m_NavMeshLayer: 0
  m_StaticEditorFlags: 0
  m_IsActive: 1
--- !u!4 &4922272506854132397
Transform:
  m_ObjectHideFlags: 0
  m_CorrespondingSourceObject: {fileID: 0}
  m_PrefabInstance: {fileID: 0}
  m_PrefabAsset: {fileID: 0}
  m_GameObject: {fileID: 4922272506854132432}
  m_LocalRotation: {x: 0, y: 0, z: 0, w: 1}
  m_LocalPosition: {x: -46.75, y: 2.64, z: -12.11}
  m_LocalScale: {x: 1, y: 1, z: 1}
  m_Children: []
  m_Father: {fileID: 0}
  m_RootOrder: 0
  m_LocalEulerAnglesHint: {x: 0, y: 0, z: 0}
--- !u!33 &4922272506854132396
MeshFilter:
  m_ObjectHideFlags: 0
  m_CorrespondingSourceObject: {fileID: 0}
  m_PrefabInstance: {fileID: 0}
  m_PrefabAsset: {fileID: 0}
  m_GameObject: {fileID: 4922272506854132432}
  m_Mesh: {fileID: 0}
--- !u!23 &4922272506854132435
MeshRenderer:
  m_ObjectHideFlags: 0
  m_CorrespondingSourceObject: {fileID: 0}
  m_PrefabInstance: {fileID: 0}
  m_PrefabAsset: {fileID: 0}
  m_GameObject: {fileID: 4922272506854132432}
  m_Enabled: 1
  m_CastShadows: 1
  m_ReceiveShadows: 1
  m_DynamicOccludee: 1
  m_MotionVectors: 1
  m_LightProbeUsage: 1
  m_ReflectionProbeUsage: 1
  m_RayTracingMode: 2
  m_RenderingLayerMask: 1
  m_RendererPriority: 0
  m_Materials:
  - {fileID: 2100000, guid: c22777d6e868e4f2fb421913386b154e, type: 2}
  m_StaticBatchInfo:
    firstSubMesh: 0
    subMeshCount: 0
  m_StaticBatchRoot: {fileID: 0}
  m_ProbeAnchor: {fileID: 0}
  m_LightProbeVolumeOverride: {fileID: 0}
  m_ScaleInLightmap: 1
  m_ReceiveGI: 1
  m_PreserveUVs: 0
  m_IgnoreNormalsForChartDetection: 0
  m_ImportantGI: 0
  m_StitchLightmapSeams: 1
  m_SelectedEditorRenderState: 2
  m_MinimumChartSize: 4
  m_AutoUVMaxDistance: 0.5
  m_AutoUVMaxAngle: 89
  m_LightmapParameters: {fileID: 0}
  m_SortingLayerID: 0
  m_SortingLayer: 0
  m_SortingOrder: 0
--- !u!114 &4922272506854132434
MonoBehaviour:
  m_ObjectHideFlags: 0
  m_CorrespondingSourceObject: {fileID: 0}
  m_PrefabInstance: {fileID: 0}
  m_PrefabAsset: {fileID: 0}
  m_GameObject: {fileID: 4922272506854132432}
  m_Enabled: 1
  m_EditorHideFlags: 0
  m_Script: {fileID: 11500000, guid: 8233d90336aea43098adf6dbabd606a2, type: 3}
  m_Name: 
  m_EditorClassIdentifier: 
  m_MeshFormatVersion: 1
  m_Faces:
  - m_Indexes: 020000000000000001000000020000000300000000000000
    m_SmoothingGroup: 0
    m_Uv:
      m_UseWorldSpace: 0
      m_FlipU: 0
      m_FlipV: 0
      m_SwapUV: 0
      m_Fill: 1
      m_Scale: {x: 1, y: 1}
      m_Offset: {x: 0, y: 0}
      m_Rotation: 0
      m_Anchor: 9
    m_Material: {fileID: 2100000, guid: c22777d6e868e4f2fb421913386b154e, type: 2}
    m_SubmeshIndex: 0
    m_ManualUV: 0
    elementGroup: 0
    m_TextureGroup: 1
  - m_Indexes: 050000000700000004000000050000000600000007000000
    m_SmoothingGroup: 0
    m_Uv:
      m_UseWorldSpace: 0
      m_FlipU: 0
      m_FlipV: 0
      m_SwapUV: 0
      m_Fill: 1
      m_Scale: {x: 1, y: 1}
      m_Offset: {x: 0, y: 0}
      m_Rotation: 0
      m_Anchor: 9
    m_Material: {fileID: 2100000, guid: c22777d6e868e4f2fb421913386b154e, type: 2}
    m_SubmeshIndex: 0
    m_ManualUV: 0
    elementGroup: 0
    m_TextureGroup: 1
  - m_Indexes: 080000000a0000000b00000008000000090000000a000000
    m_SmoothingGroup: 0
    m_Uv:
      m_UseWorldSpace: 0
      m_FlipU: 0
      m_FlipV: 0
      m_SwapUV: 0
      m_Fill: 1
      m_Scale: {x: 1, y: 1}
      m_Offset: {x: 0, y: 0}
      m_Rotation: 0
      m_Anchor: 9
    m_Material: {fileID: 2100000, guid: c22777d6e868e4f2fb421913386b154e, type: 2}
    m_SubmeshIndex: 0
    m_ManualUV: 0
    elementGroup: 0
    m_TextureGroup: 1
  - m_Indexes: 0d0000000e0000000f0000000d0000000f0000000c000000
    m_SmoothingGroup: 0
    m_Uv:
      m_UseWorldSpace: 0
      m_FlipU: 0
      m_FlipV: 0
      m_SwapUV: 0
      m_Fill: 1
      m_Scale: {x: 1, y: 1}
      m_Offset: {x: 0, y: 0}
      m_Rotation: 0
      m_Anchor: 9
    m_Material: {fileID: 2100000, guid: c22777d6e868e4f2fb421913386b154e, type: 2}
    m_SubmeshIndex: 0
    m_ManualUV: 0
    elementGroup: 0
    m_TextureGroup: 1
  - m_Indexes: 120000001000000011000000120000001300000010000000
    m_SmoothingGroup: 0
    m_Uv:
      m_UseWorldSpace: 0
      m_FlipU: 0
      m_FlipV: 0
      m_SwapUV: 0
      m_Fill: 1
      m_Scale: {x: 1, y: 1}
      m_Offset: {x: 0, y: 0}
      m_Rotation: 0
      m_Anchor: 9
    m_Material: {fileID: 2100000, guid: c22777d6e868e4f2fb421913386b154e, type: 2}
    m_SubmeshIndex: 0
    m_ManualUV: 0
    elementGroup: 0
    m_TextureGroup: 1
  - m_Indexes: 170000001400000015000000170000001500000016000000
    m_SmoothingGroup: 0
    m_Uv:
      m_UseWorldSpace: 0
      m_FlipU: 0
      m_FlipV: 0
      m_SwapUV: 0
      m_Fill: 1
      m_Scale: {x: 1, y: 1}
      m_Offset: {x: 0, y: 0}
      m_Rotation: 0
      m_Anchor: 9
    m_Material: {fileID: 2100000, guid: c22777d6e868e4f2fb421913386b154e, type: 2}
    m_SubmeshIndex: 0
    m_ManualUV: 0
    elementGroup: 0
    m_TextureGroup: 1
  - m_Indexes: 1a00000018000000190000001a0000001b00000018000000
    m_SmoothingGroup: 0
    m_Uv:
      m_UseWorldSpace: 0
      m_FlipU: 0
      m_FlipV: 0
      m_SwapUV: 0
      m_Fill: 1
      m_Scale: {x: 1, y: 1}
      m_Offset: {x: 0, y: 0}
      m_Rotation: 0
      m_Anchor: 9
    m_Material: {fileID: 2100000, guid: c22777d6e868e4f2fb421913386b154e, type: 2}
    m_SubmeshIndex: 0
    m_ManualUV: 0
    elementGroup: 0
    m_TextureGroup: 1
  - m_Indexes: 1d0000001e0000001f0000001d0000001f0000001c000000
    m_SmoothingGroup: 0
    m_Uv:
      m_UseWorldSpace: 0
      m_FlipU: 0
      m_FlipV: 0
      m_SwapUV: 0
      m_Fill: 1
      m_Scale: {x: 1, y: 1}
      m_Offset: {x: 0, y: 0}
      m_Rotation: 0
      m_Anchor: 9
    m_Material: {fileID: 2100000, guid: c22777d6e868e4f2fb421913386b154e, type: 2}
    m_SubmeshIndex: 0
    m_ManualUV: 0
    elementGroup: 0
    m_TextureGroup: 1
  - m_Indexes: 200000002100000022000000200000002200000023000000
    m_SmoothingGroup: 0
    m_Uv:
      m_UseWorldSpace: 0
      m_FlipU: 0
      m_FlipV: 0
      m_SwapUV: 0
      m_Fill: 1
      m_Scale: {x: 1, y: 1}
      m_Offset: {x: 0, y: 0}
      m_Rotation: 0
      m_Anchor: 9
    m_Material: {fileID: 2100000, guid: c22777d6e868e4f2fb421913386b154e, type: 2}
    m_SubmeshIndex: 0
    m_ManualUV: 0
    elementGroup: 0
    m_TextureGroup: 1
  - m_Indexes: 260000002400000025000000260000002700000024000000
    m_SmoothingGroup: 0
    m_Uv:
      m_UseWorldSpace: 0
      m_FlipU: 0
      m_FlipV: 0
      m_SwapUV: 0
      m_Fill: 1
      m_Scale: {x: 1, y: 1}
      m_Offset: {x: 0, y: 0}
      m_Rotation: 0
      m_Anchor: 9
    m_Material: {fileID: 2100000, guid: c22777d6e868e4f2fb421913386b154e, type: 2}
    m_SubmeshIndex: 0
    m_ManualUV: 0
    elementGroup: 0
    m_TextureGroup: 1
  - m_Indexes: 290000002b00000028000000290000002a0000002b000000
    m_SmoothingGroup: 0
    m_Uv:
      m_UseWorldSpace: 0
      m_FlipU: 0
      m_FlipV: 0
      m_SwapUV: 0
      m_Fill: 1
      m_Scale: {x: 1, y: 1}
      m_Offset: {x: 0, y: 0}
      m_Rotation: 0
      m_Anchor: 9
    m_Material: {fileID: 2100000, guid: c22777d6e868e4f2fb421913386b154e, type: 2}
    m_SubmeshIndex: 0
    m_ManualUV: 0
    elementGroup: 0
    m_TextureGroup: 1
  - m_Indexes: 2f0000002c0000002d0000002f0000002d0000002e000000
    m_SmoothingGroup: 0
    m_Uv:
      m_UseWorldSpace: 0
      m_FlipU: 0
      m_FlipV: 0
      m_SwapUV: 0
      m_Fill: 1
      m_Scale: {x: 1, y: 1}
      m_Offset: {x: 0, y: 0}
      m_Rotation: 0
      m_Anchor: 9
    m_Material: {fileID: 2100000, guid: c22777d6e868e4f2fb421913386b154e, type: 2}
    m_SubmeshIndex: 0
    m_ManualUV: 0
    elementGroup: 0
    m_TextureGroup: 1
  - m_Indexes: 300000003100000032000000330000003000000032000000
    m_SmoothingGroup: 0
    m_Uv:
      m_UseWorldSpace: 0
      m_FlipU: 0
      m_FlipV: 0
      m_SwapUV: 0
      m_Fill: 1
      m_Scale: {x: 1, y: 1}
      m_Offset: {x: 0, y: 0}
      m_Rotation: 0
      m_Anchor: 9
    m_Material: {fileID: 2100000, guid: c22777d6e868e4f2fb421913386b154e, type: 2}
    m_SubmeshIndex: 0
    m_ManualUV: 0
    elementGroup: 0
    m_TextureGroup: 2
  - m_Indexes: 340000003500000036000000370000003400000036000000
    m_SmoothingGroup: 0
    m_Uv:
      m_UseWorldSpace: 0
      m_FlipU: 0
      m_FlipV: 0
      m_SwapUV: 0
      m_Fill: 1
      m_Scale: {x: 1, y: 1}
      m_Offset: {x: 0, y: 0}
      m_Rotation: 0
      m_Anchor: 9
    m_Material: {fileID: 2100000, guid: c22777d6e868e4f2fb421913386b154e, type: 2}
    m_SubmeshIndex: 0
    m_ManualUV: 0
    elementGroup: 0
    m_TextureGroup: 2
  - m_Indexes: 3a0000003b00000038000000390000003a00000038000000
    m_SmoothingGroup: 0
    m_Uv:
      m_UseWorldSpace: 0
      m_FlipU: 0
      m_FlipV: 0
      m_SwapUV: 0
      m_Fill: 1
      m_Scale: {x: 1, y: 1}
      m_Offset: {x: 0, y: 0}
      m_Rotation: 0
      m_Anchor: 9
    m_Material: {fileID: 2100000, guid: c22777d6e868e4f2fb421913386b154e, type: 2}
    m_SubmeshIndex: 0
    m_ManualUV: 0
    elementGroup: 0
    m_TextureGroup: 2
  - m_Indexes: 3c0000003d0000003e0000003f0000003c0000003e000000
    m_SmoothingGroup: 0
    m_Uv:
      m_UseWorldSpace: 0
      m_FlipU: 0
      m_FlipV: 0
      m_SwapUV: 0
      m_Fill: 1
      m_Scale: {x: 1, y: 1}
      m_Offset: {x: 0, y: 0}
      m_Rotation: 0
      m_Anchor: 9
    m_Material: {fileID: 2100000, guid: c22777d6e868e4f2fb421913386b154e, type: 2}
    m_SubmeshIndex: 0
    m_ManualUV: 0
    elementGroup: 0
    m_TextureGroup: 2
  - m_Indexes: 400000004100000042000000430000004000000042000000
    m_SmoothingGroup: 0
    m_Uv:
      m_UseWorldSpace: 0
      m_FlipU: 0
      m_FlipV: 0
      m_SwapUV: 0
      m_Fill: 1
      m_Scale: {x: 1, y: 1}
      m_Offset: {x: 0, y: 0}
      m_Rotation: 0
      m_Anchor: 9
    m_Material: {fileID: 2100000, guid: c22777d6e868e4f2fb421913386b154e, type: 2}
    m_SubmeshIndex: 0
    m_ManualUV: 0
    elementGroup: 0
    m_TextureGroup: 2
  - m_Indexes: 470000004400000045000000460000004700000045000000
    m_SmoothingGroup: 0
    m_Uv:
      m_UseWorldSpace: 0
      m_FlipU: 0
      m_FlipV: 0
      m_SwapUV: 0
      m_Fill: 1
      m_Scale: {x: 1, y: 1}
      m_Offset: {x: 0, y: 0}
      m_Rotation: 0
      m_Anchor: 9
    m_Material: {fileID: 2100000, guid: c22777d6e868e4f2fb421913386b154e, type: 2}
    m_SubmeshIndex: 0
    m_ManualUV: 0
    elementGroup: 0
    m_TextureGroup: 2
  - m_Indexes: 48000000490000004a0000004b000000480000004a000000
    m_SmoothingGroup: 0
    m_Uv:
      m_UseWorldSpace: 0
      m_FlipU: 0
      m_FlipV: 0
      m_SwapUV: 0
      m_Fill: 1
      m_Scale: {x: 1, y: 1}
      m_Offset: {x: 0, y: 0}
      m_Rotation: 0
      m_Anchor: 9
    m_Material: {fileID: 2100000, guid: c22777d6e868e4f2fb421913386b154e, type: 2}
    m_SubmeshIndex: 0
    m_ManualUV: 0
    elementGroup: 0
    m_TextureGroup: 2
  - m_Indexes: 4f0000004c0000004e0000004c0000004d0000004e000000
    m_SmoothingGroup: 0
    m_Uv:
      m_UseWorldSpace: 0
      m_FlipU: 0
      m_FlipV: 0
      m_SwapUV: 0
      m_Fill: 1
      m_Scale: {x: 1, y: 1}
      m_Offset: {x: 0, y: 0}
      m_Rotation: 0
      m_Anchor: 9
    m_Material: {fileID: 2100000, guid: c22777d6e868e4f2fb421913386b154e, type: 2}
    m_SubmeshIndex: 0
    m_ManualUV: 0
    elementGroup: 0
    m_TextureGroup: 2
  - m_Indexes: 520000005300000051000000530000005000000051000000
    m_SmoothingGroup: 0
    m_Uv:
      m_UseWorldSpace: 0
      m_FlipU: 0
      m_FlipV: 0
      m_SwapUV: 0
      m_Fill: 1
      m_Scale: {x: 1, y: 1}
      m_Offset: {x: 0, y: 0}
      m_Rotation: 0
      m_Anchor: 9
    m_Material: {fileID: 2100000, guid: c22777d6e868e4f2fb421913386b154e, type: 2}
    m_SubmeshIndex: 0
    m_ManualUV: 0
    elementGroup: 0
    m_TextureGroup: 2
  - m_Indexes: 540000005500000056000000570000005400000056000000
    m_SmoothingGroup: 0
    m_Uv:
      m_UseWorldSpace: 0
      m_FlipU: 0
      m_FlipV: 0
      m_SwapUV: 0
      m_Fill: 1
      m_Scale: {x: 1, y: 1}
      m_Offset: {x: 0, y: 0}
      m_Rotation: 0
      m_Anchor: 9
    m_Material: {fileID: 2100000, guid: c22777d6e868e4f2fb421913386b154e, type: 2}
    m_SubmeshIndex: 0
    m_ManualUV: 0
    elementGroup: 0
    m_TextureGroup: 2
  - m_Indexes: 5b000000580000005a00000058000000590000005a000000
    m_SmoothingGroup: 0
    m_Uv:
      m_UseWorldSpace: 0
      m_FlipU: 0
      m_FlipV: 0
      m_SwapUV: 0
      m_Fill: 1
      m_Scale: {x: 1, y: 1}
      m_Offset: {x: 0, y: 0}
      m_Rotation: 0
      m_Anchor: 9
    m_Material: {fileID: 2100000, guid: c22777d6e868e4f2fb421913386b154e, type: 2}
    m_SubmeshIndex: 0
    m_ManualUV: 0
    elementGroup: 0
    m_TextureGroup: 2
  - m_Indexes: 5e0000005f0000005d0000005f0000005c0000005d000000
    m_SmoothingGroup: 0
    m_Uv:
      m_UseWorldSpace: 0
      m_FlipU: 0
      m_FlipV: 0
      m_SwapUV: 0
      m_Fill: 1
      m_Scale: {x: 1, y: 1}
      m_Offset: {x: 0, y: 0}
      m_Rotation: 0
      m_Anchor: 9
    m_Material: {fileID: 2100000, guid: c22777d6e868e4f2fb421913386b154e, type: 2}
    m_SubmeshIndex: 0
    m_ManualUV: 0
    elementGroup: 0
    m_TextureGroup: 2
  - m_Indexes: 690000006000000068000000680000006000000061000000680000006100000067000000670000006100000062000000670000006200000066000000660000006200000063000000660000006300000065000000650000006300000064000000
    m_SmoothingGroup: 0
    m_Uv:
      m_UseWorldSpace: 0
      m_FlipU: 0
      m_FlipV: 0
      m_SwapUV: 0
      m_Fill: 1
      m_Scale: {x: 1, y: 1}
      m_Offset: {x: 0, y: 0}
      m_Rotation: 0
      m_Anchor: 9
    m_Material: {fileID: 2100000, guid: c22777d6e868e4f2fb421913386b154e, type: 2}
    m_SubmeshIndex: 0
    m_ManualUV: 0
    elementGroup: 0
    m_TextureGroup: -1
  - m_Indexes: 6a0000006b00000073000000730000006b000000720000006b0000006c00000072000000720000006c000000710000006c0000006d00000071000000710000006d000000700000006d0000006e00000070000000700000006e0000006f000000
    m_SmoothingGroup: 0
    m_Uv:
      m_UseWorldSpace: 0
      m_FlipU: 0
      m_FlipV: 0
      m_SwapUV: 0
      m_Fill: 1
      m_Scale: {x: 1, y: 1}
      m_Offset: {x: 0, y: 0}
      m_Rotation: 0
      m_Anchor: 9
    m_Material: {fileID: 2100000, guid: c22777d6e868e4f2fb421913386b154e, type: 2}
    m_SubmeshIndex: 0
    m_ManualUV: 0
    elementGroup: 0
    m_TextureGroup: -1
  - m_Indexes: 7400000075000000760000007a0000007b000000790000007b0000007c00000079000000790000007c000000780000007c0000007d00000078000000780000007d000000770000007d0000007400000077000000770000007400000076000000
    m_SmoothingGroup: 0
    m_Uv:
      m_UseWorldSpace: 0
      m_FlipU: 0
      m_FlipV: 0
      m_SwapUV: 0
      m_Fill: 1
      m_Scale: {x: 1, y: 1}
      m_Offset: {x: 0, y: 0}
      m_Rotation: 0
      m_Anchor: 9
    m_Material: {fileID: 2100000, guid: c22777d6e868e4f2fb421913386b154e, type: 2}
    m_SubmeshIndex: 0
    m_ManualUV: 0
    elementGroup: 0
    m_TextureGroup: -1
  - m_Indexes: 80000000820000007f0000007f00000082000000830000007f000000830000007e0000007e00000083000000840000007e0000008400000087000000870000008400000085000000870000008500000086000000800000008100000082000000
    m_SmoothingGroup: 0
    m_Uv:
      m_UseWorldSpace: 0
      m_FlipU: 0
      m_FlipV: 0
      m_SwapUV: 0
      m_Fill: 1
      m_Scale: {x: 1, y: 1}
      m_Offset: {x: 0, y: 0}
      m_Rotation: 0
      m_Anchor: 9
    m_Material: {fileID: 2100000, guid: c22777d6e868e4f2fb421913386b154e, type: 2}
    m_SubmeshIndex: 0
    m_ManualUV: 0
    elementGroup: 0
    m_TextureGroup: -1
  m_SharedVertices:
  - m_Vertices: 000000001500000083000000
  - m_Vertices: 0100000014000000
  - m_Vertices: 02000000070000000b000000
  - m_Vertices: 030000000a00000084000000
  - m_Vertices: 040000002e000000
  - m_Vertices: 050000002d00000062000000
  - m_Vertices: 060000000800000061000000
  - m_Vertices: 090000006000000085000000
  - m_Vertices: 0c0000006e00000081000000
  - m_Vertices: 0d000000100000006d000000
  - m_Vertices: 0e0000001300000017000000
  - m_Vertices: 0f0000001600000082000000
  - m_Vertices: 11000000180000006c000000
  - m_Vertices: 120000001b000000
  - m_Vertices: 190000001c0000006b000000
  - m_Vertices: 1a0000001f00000023000000
  - m_Vertices: 1d0000006a00000075000000
  - m_Vertices: 1e0000002000000074000000
  - m_Vertices: 21000000250000007d000000
  - m_Vertices: 2200000024000000
  - m_Vertices: 26000000280000007c000000
  - m_Vertices: 270000002b0000002f000000
  - m_Vertices: 29000000640000007b000000
  - m_Vertices: 2a0000002c00000063000000
  - m_Vertices: 300000006f00000080000000
  - m_Vertices: 31000000340000007f000000
  - m_Vertices: 32000000370000003b000000
  - m_Vertices: 330000003a00000070000000
  - m_Vertices: 350000003c0000007e000000
  - m_Vertices: 360000003f000000
  - m_Vertices: 3800000055000000
  - m_Vertices: 390000005400000071000000
  - m_Vertices: 3d0000004000000087000000
  - m_Vertices: 3e0000004300000047000000
  - m_Vertices: 410000006900000086000000
  - m_Vertices: 420000004400000068000000
  - m_Vertices: 450000004900000067000000
  - m_Vertices: 4600000048000000
  - m_Vertices: 4b0000004f00000053000000
  - m_Vertices: 5200000058000000
  - m_Vertices: 4a0000004c00000066000000
  - m_Vertices: 4d000000650000007a000000
  - m_Vertices: 4e0000005000000079000000
  - m_Vertices: 510000005900000078000000
  - m_Vertices: 560000005b0000005f000000
  - m_Vertices: 570000005e00000072000000
  - m_Vertices: 5a0000005c00000077000000
  - m_Vertices: 5d0000007300000076000000
  m_SharedTextures: []
  m_Positions:
  - {x: -4.568758, y: 0, z: -1.0000014}
  - {x: -4.568758, y: 1.5007851, z: -1.0000019}
  - {x: -0.06836796, y: 1.5007851, z: -1.0000017}
  - {x: -0.06836796, y: 0, z: -1.0000012}
  - {x: -0.06836796, y: 3.0015702, z: -1.0000021}
  - {x: 4.432022, y: 3.0015702, z: -1.0000019}
  - {x: 4.432022, y: 1.5007851, z: -1.0000014}
  - {x: -0.06836796, y: 1.5007851, z: -1.0000017}
  - {x: 4.432022, y: 1.5007851, z: -1.0000014}
  - {x: 4.432022, y: 0, z: -1.000001}
  - {x: -0.06836796, y: 0, z: -1.0000012}
  - {x: -0.06836796, y: 1.5007851, z: -1.0000017}
  - {x: -13.569538, y: 0, z: -1.0000019}
  - {x: -13.569538, y: 1.5007851, z: -1.0000024}
  - {x: -9.069148, y: 1.5007851, z: -1.0000021}
  - {x: -9.069148, y: 0, z: -1.0000017}
  - {x: -13.569538, y: 1.5007851, z: -1.0000024}
  - {x: -13.569538, y: 3.0015702, z: -1.0000029}
  - {x: -9.069148, y: 3.0015702, z: -1.0000026}
  - {x: -9.069148, y: 1.5007851, z: -1.0000021}
  - {x: -4.568758, y: 1.5007851, z: -1.0000019}
  - {x: -4.568758, y: 0, z: -1.0000014}
  - {x: -9.069148, y: 0, z: -1.0000017}
  - {x: -9.069148, y: 1.5007851, z: -1.0000021}
  - {x: -13.569538, y: 3.0015702, z: -1.0000029}
  - {x: -13.569538, y: 4.5023556, z: -1.0000033}
  - {x: -9.069148, y: 4.5023556, z: -1.0000031}
  - {x: -9.069148, y: 3.0015702, z: -1.0000026}
  - {x: -13.569538, y: 4.5023556, z: -1.0000033}
  - {x: -13.569538, y: 6.0031404, z: -1.0000038}
  - {x: -9.069148, y: 6.0031404, z: -1.0000036}
  - {x: -9.069148, y: 4.5023556, z: -1.0000031}
  - {x: -9.069148, y: 6.0031404, z: -1.0000036}
  - {x: -4.568758, y: 6.0031404, z: -1.0000033}
  - {x: -4.568758, y: 4.5023556, z: -1.0000029}
  - {x: -9.069148, y: 4.5023556, z: -1.0000031}
  - {x: -4.568758, y: 4.5023556, z: -1.0000029}
  - {x: -4.568758, y: 6.0031404, z: -1.0000033}
  - {x: -0.06836796, y: 6.0031404, z: -1.0000031}
  - {x: -0.06836796, y: 4.5023556, z: -1.0000026}
  - {x: -0.06836796, y: 6.0031404, z: -1.0000031}
  - {x: 4.432022, y: 6.0031404, z: -1.0000029}
  - {x: 4.432022, y: 4.5023556, z: -1.0000024}
  - {x: -0.06836796, y: 4.5023556, z: -1.0000026}
  - {x: 4.432022, y: 4.5023556, z: -1.0000024}
  - {x: 4.432022, y: 3.0015702, z: -1.0000019}
  - {x: -0.06836796, y: 3.0015702, z: -1.0000021}
  - {x: -0.06836796, y: 4.5023556, z: -1.0000026}
  - {x: -13.569538, y: 0, z: -0.0000019073486}
  - {x: -9.069148, y: 0, z: -0.00000166893}
  - {x: -9.069148, y: 1.5007851, z: -0.0000021457672}
  - {x: -13.569538, y: 1.5007851, z: -0.0000023841858}
  - {x: -9.069148, y: 0, z: -0.00000166893}
  - {x: -4.568758, y: 0, z: -0.0000014305115}
  - {x: -4.568758, y: 1.5007851, z: -0.0000019073486}
  - {x: -9.069148, y: 1.5007851, z: -0.0000021457672}
  - {x: -9.069148, y: 3.0015702, z: -0.0000026226044}
  - {x: -13.569538, y: 3.0015702, z: -0.000002861023}
  - {x: -13.569538, y: 1.5007851, z: -0.0000023841858}
  - {x: -9.069148, y: 1.5007851, z: -0.0000021457672}
  - {x: -4.568758, y: 0, z: -0.0000014305115}
  - {x: -0.06836796, y: 0, z: -0.0000011920929}
  - {x: -0.06836796, y: 1.5007851, z: -0.00000166893}
  - {x: -4.568758, y: 1.5007851, z: -0.0000019073486}
  - {x: -0.06836796, y: 0, z: -0.0000011920929}
  - {x: 4.432022, y: 0, z: -0.0000009536743}
  - {x: 4.432022, y: 1.5007851, z: -0.0000014305115}
  - {x: -0.06836796, y: 1.5007851, z: -0.00000166893}
  - {x: 4.432022, y: 1.5007851, z: -0.0000014305115}
  - {x: 4.432022, y: 3.0015702, z: -0.0000019073486}
  - {x: -0.06836796, y: 3.0015702, z: -0.0000021457672}
  - {x: -0.06836796, y: 1.5007851, z: -0.00000166893}
  - {x: -0.06836796, y: 3.0015702, z: -0.0000021457672}
  - {x: 4.432022, y: 3.0015702, z: -0.0000019073486}
  - {x: 4.432022, y: 4.5023556, z: -0.0000023841858}
  - {x: -0.06836796, y: 4.5023556, z: -0.0000026226044}
  - {x: 4.432022, y: 4.5023556, z: -0.0000023841858}
  - {x: 4.432022, y: 6.0031404, z: -0.000002861023}
  - {x: -0.06836796, y: 6.0031404, z: -0.0000030994415}
  - {x: -0.06836796, y: 4.5023556, z: -0.0000026226044}
  - {x: -0.06836796, y: 6.0031404, z: -0.0000030994415}
  - {x: -4.568758, y: 6.0031404, z: -0.00000333786}
  - {x: -4.568758, y: 4.5023556, z: -0.000002861023}
  - {x: -0.06836796, y: 4.5023556, z: -0.0000026226044}
  - {x: -13.569538, y: 3.0015702, z: -0.000002861023}
  - {x: -9.069148, y: 3.0015702, z: -0.0000026226044}
  - {x: -9.069148, y: 4.5023556, z: -0.0000030994415}
  - {x: -13.569538, y: 4.5023556, z: -0.00000333786}
  - {x: -4.568758, y: 4.5023556, z: -0.000002861023}
  - {x: -4.568758, y: 6.0031404, z: -0.00000333786}
  - {x: -9.069148, y: 6.0031404, z: -0.0000035762787}
  - {x: -9.069148, y: 4.5023556, z: -0.0000030994415}
  - {x: -9.069148, y: 6.0031404, z: -0.0000035762787}
  - {x: -13.569538, y: 6.0031404, z: -0.0000038146973}
  - {x: -13.569538, y: 4.5023556, z: -0.00000333786}
  - {x: -9.069148, y: 4.5023556, z: -0.0000030994415}
  - {x: 4.432022, y: 0, z: -1.000001}
  - {x: 4.432022, y: 1.5007851, z: -1.0000014}
  - {x: 4.432022, y: 3.0015702, z: -1.0000019}
  - {x: 4.432022, y: 4.5023556, z: -1.0000024}
  - {x: 4.432022, y: 6.0031404, z: -1.0000029}
  - {x: 4.432022, y: 6.0031404, z: -0.000002861023}
  - {x: 4.432022, y: 4.5023556, z: -0.0000023841858}
  - {x: 4.432022, y: 3.0015702, z: -0.0000019073486}
  - {x: 4.432022, y: 1.5007851, z: -0.0000014305115}
  - {x: 4.432022, y: 0, z: -0.0000009536743}
  - {x: -13.569538, y: 6.0031404, z: -1.0000038}
  - {x: -13.569538, y: 4.5023556, z: -1.0000033}
  - {x: -13.569538, y: 3.0015702, z: -1.0000029}
  - {x: -13.569538, y: 1.5007851, z: -1.0000024}
  - {x: -13.569538, y: 0, z: -1.0000019}
  - {x: -13.569538, y: 0, z: -0.0000019073486}
  - {x: -13.569538, y: 1.5007851, z: -0.0000023841858}
  - {x: -13.569538, y: 3.0015702, z: -0.000002861023}
  - {x: -13.569538, y: 4.5023556, z: -0.00000333786}
  - {x: -13.569538, y: 6.0031404, z: -0.0000038146973}
  - {x: -9.069148, y: 6.0031404, z: -1.0000036}
  - {x: -13.569538, y: 6.0031404, z: -1.0000038}
  - {x: -13.569538, y: 6.0031404, z: -0.0000038146973}
  - {x: -9.069148, y: 6.0031404, z: -0.0000035762787}
  - {x: -4.568758, y: 6.0031404, z: -0.00000333786}
  - {x: -0.06836796, y: 6.0031404, z: -0.0000030994415}
  - {x: 4.432022, y: 6.0031404, z: -0.000002861023}
  - {x: 4.432022, y: 6.0031404, z: -1.0000029}
  - {x: -0.06836796, y: 6.0031404, z: -1.0000031}
  - {x: -4.568758, y: 6.0031404, z: -1.0000033}
  - {x: -4.568758, y: 0, z: -0.0000014305115}
  - {x: -9.069148, y: 0, z: -0.00000166893}
  - {x: -13.569538, y: 0, z: -0.0000019073486}
  - {x: -13.569538, y: 0, z: -1.0000019}
  - {x: -9.069148, y: 0, z: -1.0000017}
  - {x: -4.568758, y: 0, z: -1.0000014}
  - {x: -0.06836796, y: 0, z: -1.0000012}
  - {x: 4.432022, y: 0, z: -1.000001}
  - {x: 4.432022, y: 0, z: -0.0000009536743}
  - {x: -0.06836796, y: 0, z: -0.0000011920929}
  m_Textures0:
  - {x: -4.568758, y: 0.0000003177255}
  - {x: -4.568758, y: 1.5007855}
  - {x: -0.06836801, y: 1.5007855}
  - {x: -0.06836801, y: 0.0000003177255}
  - {x: -0.06836801, y: 3.0015705}
  - {x: 4.432022, y: 3.0015705}
  - {x: 4.432022, y: 1.5007855}
  - {x: -0.06836801, y: 1.5007855}
  - {x: 4.432022, y: 1.5007855}
  - {x: 4.432022, y: 0.0000003177255}
  - {x: -0.06836801, y: 0.0000003177255}
  - {x: -0.06836801, y: 1.5007855}
  - {x: -13.569538, y: 0.0000003177255}
  - {x: -13.569538, y: 1.5007855}
  - {x: -9.069148, y: 1.5007855}
  - {x: -9.069148, y: 0.0000003177255}
  - {x: -13.569538, y: 1.5007855}
  - {x: -13.569538, y: 3.0015705}
  - {x: -9.069148, y: 3.0015705}
  - {x: -9.069148, y: 1.5007855}
  - {x: -4.568758, y: 1.5007855}
  - {x: -4.568758, y: 0.0000003177255}
  - {x: -9.069148, y: 0.0000003177255}
  - {x: -9.069148, y: 1.5007855}
  - {x: -13.569538, y: 3.0015705}
  - {x: -13.569538, y: 4.502356}
  - {x: -9.069148, y: 4.502356}
  - {x: -9.069148, y: 3.0015705}
  - {x: -13.569538, y: 4.502356}
  - {x: -13.569538, y: 6.003141}
  - {x: -9.069148, y: 6.003141}
  - {x: -9.069148, y: 4.502356}
  - {x: -9.069148, y: 6.003141}
  - {x: -4.568758, y: 6.003141}
  - {x: -4.568758, y: 4.502356}
  - {x: -9.069148, y: 4.502356}
  - {x: -4.568758, y: 4.502356}
  - {x: -4.568758, y: 6.003141}
  - {x: -0.06836801, y: 6.003141}
  - {x: -0.06836801, y: 4.502356}
  - {x: -0.06836801, y: 6.003141}
  - {x: 4.432022, y: 6.003141}
  - {x: 4.432022, y: 4.502356}
  - {x: -0.06836801, y: 4.502356}
  - {x: 4.432022, y: 4.502356}
  - {x: 4.432022, y: 3.0015705}
  - {x: -0.06836801, y: 3.0015705}
  - {x: -0.06836801, y: 4.502356}
  - {x: 13.569538, y: 3.7760704e-13}
  - {x: 9.069148, y: 3.7760704e-13}
  - {x: 9.069148, y: 1.5007851}
  - {x: 13.569538, y: 1.5007851}
  - {x: 9.069148, y: 3.7760704e-13}
  - {x: 4.568758, y: 3.7760707e-13}
  - {x: 4.568758, y: 1.5007851}
  - {x: 9.069148, y: 1.5007851}
  - {x: 9.069148, y: 3.0015702}
  - {x: 13.569538, y: 3.0015702}
  - {x: 13.569538, y: 1.5007851}
  - {x: 9.069148, y: 1.5007851}
  - {x: 4.568758, y: 3.7760707e-13}
  - {x: 0.06836796, y: 3.7760707e-13}
  - {x: 0.06836796, y: 1.5007851}
  - {x: 4.568758, y: 1.5007851}
  - {x: 0.06836796, y: 3.7760707e-13}
  - {x: -4.432022, y: 3.776071e-13}
  - {x: -4.432022, y: 1.5007851}
  - {x: 0.06836796, y: 1.5007851}
  - {x: -4.432022, y: 1.5007851}
  - {x: -4.432022, y: 3.0015702}
  - {x: 0.06836796, y: 3.0015702}
  - {x: 0.06836796, y: 1.5007851}
  - {x: 0.06836796, y: 3.0015702}
  - {x: -4.432022, y: 3.0015702}
  - {x: -4.432022, y: 4.5023556}
  - {x: 0.06836796, y: 4.5023556}
  - {x: -4.432022, y: 4.5023556}
  - {x: -4.432022, y: 6.0031404}
  - {x: 0.06836796, y: 6.0031404}
  - {x: 0.06836796, y: 4.5023556}
  - {x: 0.06836796, y: 6.0031404}
  - {x: 4.568758, y: 6.0031404}
  - {x: 4.568758, y: 4.5023556}
  - {x: 0.06836796, y: 4.5023556}
  - {x: 13.569538, y: 3.0015702}
  - {x: 9.069148, y: 3.0015702}
  - {x: 9.069148, y: 4.5023556}
  - {x: 13.569538, y: 4.5023556}
  - {x: 4.568758, y: 4.5023556}
  - {x: 4.568758, y: 6.0031404}
  - {x: 9.069148, y: 6.0031404}
  - {x: 9.069148, y: 4.5023556}
  - {x: 9.069148, y: 6.0031404}
  - {x: 13.569538, y: 6.0031404}
  - {x: 13.569538, y: 4.5023556}
  - {x: 9.069148, y: 4.5023556}
  - {x: -1.000001, y: 0}
  - {x: -1.0000014, y: 1.5007851}
  - {x: -1.0000019, y: 3.0015702}
  - {x: -1.0000024, y: 4.5023556}
  - {x: -1.0000029, y: 6.0031404}
  - {x: -0.000002861023, y: 6.0031404}
  - {x: -0.0000023841858, y: 4.5023556}
  - {x: -0.0000019073486, y: 3.0015702}
  - {x: -0.0000014305115, y: 1.5007851}
  - {x: -0.0000009536743, y: 0}
  - {x: 1.0000038, y: 6.0031404}
  - {x: 1.0000033, y: 4.5023556}
  - {x: 1.0000029, y: 3.0015702}
  - {x: 1.0000024, y: 1.5007851}
  - {x: 1.0000019, y: 5.4793393e-13}
  - {x: 0.0000019073486, y: 5.4793393e-13}
  - {x: 0.0000023841858, y: 1.5007851}
  - {x: 0.000002861023, y: 3.0015702}
  - {x: 0.00000333786, y: 4.5023556}
  - {x: 0.0000038146973, y: 6.0031404}
  - {x: -9.069148, y: -1.0000036}
  - {x: -13.569538, y: -1.0000038}
  - {x: -13.569538, y: -0.0000038146973}
  - {x: -9.069148, y: -0.0000035762787}
  - {x: -4.568758, y: -0.00000333786}
  - {x: -0.06836796, y: -0.0000030994415}
  - {x: 4.432022, y: -0.000002861023}
  - {x: 4.432022, y: -1.0000029}
  - {x: -0.06836796, y: -1.0000031}
  - {x: -4.568758, y: -1.0000033}
  - {x: 4.568758, y: -0.0000014305115}
  - {x: 9.069148, y: -0.00000166893}
  - {x: 13.569538, y: -0.0000019073486}
  - {x: 13.569538, y: -1.0000019}
  - {x: 9.069148, y: -1.0000017}
  - {x: 4.568758, y: -1.0000014}
  - {x: 0.06836796, y: -1.0000012}
  - {x: -4.432022, y: -1.000001}
  - {x: -4.432022, y: -0.0000009536743}
  - {x: 0.06836796, y: -0.0000011920929}
  m_Textures2: []
  m_Textures3: []
  m_Tangents:
  - {x: 1, y: -1.1287864e-21, z: 0.000000052977313, w: -1}
  - {x: 1, y: -1.1287864e-21, z: 0.000000052977313, w: -1}
  - {x: 1, y: -1.1287864e-21, z: 0.000000052977313, w: -1}
  - {x: 1, y: -1.1287864e-21, z: 0.000000052977313, w: -1}
  - {x: 1, y: -1.1287865e-21, z: 0.000000052977313, w: -1}
  - {x: 1, y: -1.1287865e-21, z: 0.000000052977313, w: -1}
  - {x: 1, y: -1.1287865e-21, z: 0.000000052977313, w: -1}
  - {x: 1, y: -1.1287865e-21, z: 0.000000052977313, w: -1}
  - {x: 1, y: -1.1287864e-21, z: 0.000000052977313, w: -1}
  - {x: 1, y: -1.1287864e-21, z: 0.000000052977313, w: -1}
  - {x: 1, y: -1.1287864e-21, z: 0.000000052977313, w: -1}
  - {x: 1, y: -1.1287864e-21, z: 0.000000052977313, w: -1}
  - {x: 1, y: -1.1287864e-21, z: 0.000000052977313, w: -1}
  - {x: 1, y: -1.1287864e-21, z: 0.000000052977313, w: -1}
  - {x: 1, y: -1.1287864e-21, z: 0.000000052977313, w: -1}
  - {x: 1, y: -1.1287864e-21, z: 0.000000052977313, w: -1}
  - {x: 1, y: -1.1287865e-21, z: 0.000000052977313, w: -1}
  - {x: 1, y: -1.1287865e-21, z: 0.000000052977313, w: -1}
  - {x: 1, y: -1.1287865e-21, z: 0.000000052977313, w: -1}
  - {x: 1, y: -1.1287865e-21, z: 0.000000052977313, w: -1}
  - {x: 1, y: -1.1287864e-21, z: 0.000000052977313, w: -1}
  - {x: 1, y: -1.1287864e-21, z: 0.000000052977313, w: -1}
  - {x: 1, y: -1.1287864e-21, z: 0.000000052977313, w: -1}
  - {x: 1, y: -1.1287864e-21, z: 0.000000052977313, w: -1}
  - {x: 1, y: 0, z: 0.000000052977317, w: -1}
  - {x: 1, y: 0, z: 0.000000052977317, w: -1}
  - {x: 1, y: 0, z: 0.000000052977317, w: -1}
  - {x: 1, y: 0, z: 0.000000052977317, w: -1}
  - {x: 1, y: 0, z: 0.000000052977313, w: -1}
  - {x: 1, y: 0, z: 0.000000052977313, w: -1}
  - {x: 1, y: 0, z: 0.000000052977313, w: -1}
  - {x: 1, y: 0, z: 0.000000052977313, w: -1}
  - {x: 1, y: 0, z: 0.000000052977313, w: -1}
  - {x: 1, y: 0, z: 0.000000052977313, w: -1}
  - {x: 1, y: 0, z: 0.000000052977313, w: -1}
  - {x: 1, y: 0, z: 0.000000052977313, w: -1}
  - {x: 1, y: 0, z: 0.000000052977313, w: -1}
  - {x: 1, y: 0, z: 0.000000052977313, w: -1}
  - {x: 1, y: 0, z: 0.000000052977313, w: -1}
  - {x: 1, y: 0, z: 0.000000052977313, w: -1}
  - {x: 1, y: 0, z: 0.000000052977313, w: -1}
  - {x: 1, y: 0, z: 0.000000052977313, w: -1}
  - {x: 1, y: 0, z: 0.000000052977313, w: -1}
  - {x: 1, y: 0, z: 0.000000052977313, w: -1}
  - {x: 1, y: 0, z: 0.000000052977317, w: -1}
  - {x: 1, y: 0, z: 0.000000052977317, w: -1}
  - {x: 1, y: 0, z: 0.000000052977317, w: -1}
  - {x: 1, y: 0, z: 0.000000052977317, w: -1}
  - {x: -1, y: 1.1287864e-21, z: -0.000000052977313, w: -1}
  - {x: -1, y: 1.1287864e-21, z: -0.000000052977313, w: -1}
  - {x: -1, y: 1.1287864e-21, z: -0.000000052977313, w: -1}
  - {x: -1, y: 1.1287864e-21, z: -0.000000052977313, w: -1}
  - {x: -1, y: 4.140198e-21, z: -0.000000052977313, w: -1}
  - {x: -1, y: 7.15161e-21, z: -0.000000052977313, w: -1}
  - {x: -1, y: 4.140198e-21, z: -0.000000052977313, w: -1}
  - {x: -1, y: 1.1287864e-21, z: -0.000000052977313, w: -1}
  - {x: -1, y: 1.1287864e-21, z: -0.000000052977313, w: -1}
  - {x: -1, y: 1.1287864e-21, z: -0.000000052977313, w: -1}
  - {x: -1, y: 1.1287864e-21, z: -0.000000052977313, w: -1}
  - {x: -1, y: 1.1287864e-21, z: -0.000000052977313, w: -1}
  - {x: -1, y: 1.1287864e-21, z: -0.000000052977313, w: -1}
  - {x: -1, y: 1.1287864e-21, z: -0.000000052977313, w: -1}
  - {x: -1, y: 1.1287864e-21, z: -0.000000052977313, w: -1}
  - {x: -1, y: 1.1287864e-21, z: -0.000000052977313, w: -1}
  - {x: -1, y: 4.140198e-21, z: -0.000000052977313, w: -1}
  - {x: -1, y: 7.15161e-21, z: -0.000000052977313, w: -1}
  - {x: -1, y: 4.140198e-21, z: -0.000000052977313, w: -1}
  - {x: -1, y: 1.1287864e-21, z: -0.000000052977313, w: -1}
  - {x: -1, y: 1.1287864e-21, z: -0.000000052977313, w: -1}
  - {x: -1, y: 1.1287864e-21, z: -0.000000052977313, w: -1}
  - {x: -1, y: 1.1287864e-21, z: -0.000000052977313, w: -1}
  - {x: -1, y: 1.1287864e-21, z: -0.000000052977313, w: -1}
  - {x: -1, y: -1.1287863e-21, z: -0.000000052977317, w: -1}
  - {x: -1, y: -1.1287863e-21, z: -0.000000052977317, w: -1}
  - {x: -1, y: -1.1287863e-21, z: -0.000000052977317, w: -1}
  - {x: -1, y: -1.1287863e-21, z: -0.000000052977317, w: -1}
  - {x: -1, y: 0, z: -0.000000052977313, w: -1}
  - {x: -1, y: 0, z: -0.000000052977313, w: -1}
  - {x: -1, y: 0, z: -0.000000052977313, w: -1}
  - {x: -1, y: 0, z: -0.000000052977313, w: -1}
  - {x: -1, y: 0, z: -0.000000052977313, w: -1}
  - {x: -1, y: 0, z: -0.000000052977313, w: -1}
  - {x: -1, y: 0, z: -0.000000052977313, w: -1}
  - {x: -1, y: 0, z: -0.000000052977313, w: -1}
  - {x: -1, y: -1.1287863e-21, z: -0.000000052977317, w: -1}
  - {x: -1, y: -1.1287863e-21, z: -0.000000052977317, w: -1}
  - {x: -1, y: -1.1287863e-21, z: -0.000000052977317, w: -1}
  - {x: -1, y: -1.1287863e-21, z: -0.000000052977317, w: -1}
  - {x: -1, y: 0, z: -0.000000052977313, w: -1}
  - {x: -1, y: 0, z: -0.000000052977313, w: -1}
  - {x: -1, y: 0, z: -0.000000052977313, w: -1}
  - {x: -1, y: 0, z: -0.000000052977313, w: -1}
  - {x: -1, y: 0, z: -0.000000052977313, w: -1}
  - {x: -1, y: 0, z: -0.000000052977313, w: -1}
  - {x: -1, y: 0, z: -0.000000052977313, w: -1}
  - {x: -1, y: 0, z: -0.000000052977313, w: -1}
  - {x: 0, y: 0, z: 1, w: -1}
  - {x: 0, y: 0, z: 1, w: -1}
  - {x: 0, y: 0, z: 1, w: -1}
  - {x: 0, y: 0, z: 1, w: -1}
  - {x: 0, y: 0, z: 1, w: -1}
  - {x: 0, y: 0, z: 1, w: -1}
  - {x: 0, y: 0, z: 1, w: -1}
  - {x: 0, y: 0, z: 1, w: -1}
  - {x: 0, y: 0, z: 1, w: -1}
  - {x: 0, y: 0, z: 1, w: -1}
  - {x: 0, y: 0, z: -1, w: -1}
  - {x: 0, y: 0, z: -1, w: -1}
  - {x: 0, y: 0, z: -1, w: -1}
  - {x: 0, y: 0, z: -1, w: -1}
  - {x: 0, y: 0, z: -1, w: -1}
  - {x: 0, y: 0, z: -1, w: -1}
  - {x: 0, y: 0, z: -1, w: -1}
  - {x: 0, y: 0, z: -1, w: -1}
  - {x: 0, y: 0, z: -1, w: -1}
  - {x: 0, y: 0, z: -1, w: -1}
  - {x: 1, y: 0, z: 0, w: -1}
  - {x: 1, y: 0, z: 0, w: -1}
  - {x: 1, y: 0, z: 0, w: -1}
  - {x: 1, y: 0, z: 0, w: -1}
  - {x: 1, y: 0, z: 0, w: -1}
  - {x: 1, y: 0, z: 0, w: -1}
  - {x: 1, y: 0, z: 0, w: -1}
  - {x: 1, y: 0, z: 0, w: -1}
  - {x: 1, y: 0, z: 0, w: -1}
  - {x: 1, y: 0, z: 0, w: -1}
  - {x: -1, y: 0, z: 0, w: -1}
  - {x: -1, y: 0, z: 0, w: -1}
  - {x: -1, y: 0, z: 0, w: -1}
  - {x: -1, y: 0, z: 0, w: -1}
  - {x: -1, y: 0, z: 0, w: -1}
  - {x: -1, y: 0, z: 0, w: -1}
  - {x: -1, y: 0, z: 0, w: -1}
  - {x: -1, y: 0, z: 0, w: -1}
  - {x: -1, y: 0, z: 0, w: -1}
  - {x: -1, y: 0, z: 0, w: -1}
  m_Colors: []
  m_UnwrapParameters:
    m_HardAngle: 88
    m_PackMargin: 20
    m_AngleError: 8
    m_AreaError: 15
  m_PreserveMeshAssetOnDestroy: 0
  assetGuid: 
  m_IsSelectable: 1
  m_SelectedFaces: 
  m_SelectedEdges: []
  m_SelectedVertices: 
--- !u!64 &4922272506854132433
MeshCollider:
  m_ObjectHideFlags: 0
  m_CorrespondingSourceObject: {fileID: 0}
  m_PrefabInstance: {fileID: 0}
  m_PrefabAsset: {fileID: 0}
  m_GameObject: {fileID: 4922272506854132432}
  m_Material: {fileID: 0}
  m_IsTrigger: 0
  m_Enabled: 1
  serializedVersion: 3
  m_Convex: 0
  m_CookingOptions: 30
  m_Mesh: {fileID: 0}
